<record><leader>00000cas a22000007a 4500</leader><controlfield tag="001">25298693</controlfield><controlfield tag="008">920219d19671969wyuwr ne      0    0eng d</controlfield><datafield ind1=" " ind2=" " tag="010"><subfield code="a">sn 92066936 </subfield></datafield><datafield ind1=" " ind2=" " tag="040"><subfield code="a">NVO</subfield><subfield code="b">eng</subfield><subfield code="c">NVO</subfield><subfield code="d">OCLCQ</subfield></datafield><datafield ind1=" " ind2=" " tag="042"><subfield code="a">msc</subfield></datafield><datafield ind1="0" ind2="0" tag="245"><subfield code="a">Lingle guide review.</subfield></datafield><datafield ind1=" " ind2=" " tag="260"><subfield code="a">Lingle, Goshen County, Wyo. :</subfield><subfield code="b">J. Acklin</subfield></datafield><datafield ind1=" " ind2=" " tag="300"><subfield code="a">v.</subfield></datafield><datafield ind1=" " ind2=" " tag="310"><subfield code="a">Weekly</subfield></datafield><datafield ind1="0" ind2=" " tag="362"><subfield code="a">Vol. 50, no. 7 (Jan. 5, 1967)-v. 52, no. 18 (Mar. 27, 1969).</subfield></datafield><datafield ind1=" " ind2="4" tag="651"><subfield code="a">Lingle (Wyo.)</subfield><subfield code="v">Newspapers.</subfield></datafield><datafield ind1=" " ind2=" " tag="752"><subfield code="a">United States</subfield><subfield code="b">Wyoming</subfield><subfield code="c">Goshen</subfield><subfield code="d">Lingle.</subfield></datafield><datafield ind1="0" ind2="0" tag="780"><subfield code="t">Guide-review</subfield><subfield code="w">(DLC)sn 92066935</subfield></datafield><datafield ind1="0" ind2="0" tag="785"><subfield code="t">Guide (Lingle, Wyo.)</subfield><subfield code="w">(DLC)sn 92066954</subfield></datafield><datafield ind1="1" ind2=" " tag="029"><subfield code="a">AU@</subfield><subfield code="b">000025909093</subfield></datafield></record>